<?xml version="1.0" encoding="UTF-8"?>
<OAI-PMH xmlns="http://www.openarchives.org/OAI/2.0/" xmlns:xsi="http://www.w3.org/2001/XMLSchema-instance" xsi:schemaLocation="http://www.openarchives.org/OAI/2.0/ http://www.openarchives.org/OAI/2.0/OAI-PMH.xsd">
<ListRecords>
<record>
<header status="updated">
<identifier>urm_publish:71304778600002121</identifier>
</header>
<metadata>
<record xmlns="http://www.loc.gov/MARC21/slim" xmlns:xsi="http://www.w3.org/2001/XMLSchema-instance" xsi:schemaLocation="http://www.loc.gov/MARC21/slim http://www.loc.gov/standards/marcxml/schema/MARC21slim.xsd" ><leader>00840nam a2200277 a 4500</leader><controlfield tag="005">19990604123926.0</controlfield><controlfield tag="008">970128s1997    dcua         f000 0 eng d</controlfield><controlfield tag="001">999808899002121</controlfield><datafield tag="035" ind1=" " ind2=" "><subfield code="a">(OCoLC)36279097</subfield></datafield><datafield tag="035" ind1=" " ind2=" "><subfield code="9">AVY6269UW</subfield></datafield><datafield tag="035" ind1=" " ind2=" "><subfield code="a">(WU)3842623-uwmadisondb</subfield></datafield><datafield tag="040" ind1=" " ind2=" "><subfield code="a">GPO</subfield><subfield code="b">eng</subfield><subfield code="c">GPO</subfield><subfield code="d">DLC</subfield><subfield code="d">MvI</subfield><subfield code="d">MGPO</subfield></datafield><datafield tag="043" ind1=" " ind2=" "><subfield code="a">n-us---</subfield></datafield><datafield tag="074" ind1=" " ind2=" "><subfield code="a">1070-N</subfield></datafield><datafield tag="086" ind1="0" ind2=" "><subfield code="a">Y 3.P 38/2:2 SE 2</subfield></datafield><datafield tag="245" ind1="0" ind2="0"><subfield code="a">Security, its your job too.</subfield></datafield><datafield tag="246" ind1="3" ind2=" "><subfield code="a">Its your job too</subfield></datafield><datafield tag="264" ind1=" " ind2="1"><subfield code="a">[Washington, D.C.?] :</subfield><subfield code="b">PBGC,</subfield><subfield code="c">[1997?]</subfield></datafield><datafield tag="300" ind1=" " ind2=" "><subfield code="a">12 pages :</subfield><subfield code="b">illustrations ;</subfield><subfield code="c">22 cm</subfield></datafield><datafield tag="336" ind1=" " ind2=" "><subfield code="a">text</subfield><subfield code="b">txt</subfield><subfield code="2">rdacontent</subfield></datafield><datafield tag="337" ind1=" " ind2=" "><subfield code="a">unmediated</subfield><subfield code="b">n</subfield><subfield code="2">rdamedia</subfield></datafield><datafield tag="338" ind1=" " ind2=" "><subfield code="a">volume</subfield><subfield code="b">nc</subfield><subfield code="2">rdacarrier</subfield></datafield><datafield tag="500" ind1=" " ind2=" "><subfield code="a">Cover title.</subfield></datafield><datafield tag="610" ind1="2" ind2="0"><subfield code="a">Pension Benefit Guaranty Corporation</subfield><subfield code="x">Security measures.</subfield><subfield code="2">LCNAMES</subfield><subfield code="0">41-LIBRARY_OF_CONGRESS-n  50010809</subfield><subfield code="9">Y</subfield></datafield><datafield tag="710" ind1="2" ind2=" "><subfield code="a">Pension Benefit Guaranty Corporation.</subfield><subfield code="2">LCNAMES</subfield><subfield code="0">41-LIBRARY_OF_CONGRESS-n  50010809</subfield><subfield code="9">Y</subfield></datafield><datafield tag="997" ind1=" " ind2=" "><subfield code="a">MARCIVE</subfield></datafield><datafield tag="610" ind1="2" ind2="0"><subfield code="a">PBGC</subfield><subfield code="2">LCNAMES</subfield><subfield code="0">41-LIBRARY_OF_CONGRESS-n  50010809</subfield><subfield code="9">N</subfield></datafield><datafield tag="610" ind1="2" ind2="0"><subfield code="a">United States.</subfield><subfield code="b">Pension Benefit Guaranty Corporation</subfield><subfield code="2">LCNAMES</subfield><subfield code="0">41-LIBRARY_OF_CONGRESS-n  50010809</subfield><subfield code="9">N</subfield></datafield><datafield tag="610" ind1="2" ind2="0"><subfield code="a">P.B.G.C.</subfield><subfield code="2">LCNAMES</subfield><subfield code="0">41-LIBRARY_OF_CONGRESS-n  50010809</subfield><subfield code="9">N</subfield></datafield><datafield tag="710" ind1="2" ind2=" "><subfield code="a">PBGC</subfield><subfield code="2">LCNAMES</subfield><subfield code="0">41-LIBRARY_OF_CONGRESS-n  50010809</subfield><subfield code="9">N</subfield></datafield><datafield tag="710" ind1="2" ind2=" "><subfield code="a">United States.</subfield><subfield code="b">Pension Benefit Guaranty Corporation</subfield><subfield code="2">LCNAMES</subfield><subfield code="0">41-LIBRARY_OF_CONGRESS-n  50010809</subfield><subfield code="9">N</subfield></datafield><datafield tag="710" ind1="2" ind2=" "><subfield code="a">P.B.G.C.</subfield><subfield code="2">LCNAMES</subfield><subfield code="0">41-LIBRARY_OF_CONGRESS-n  50010809</subfield><subfield code="9">N</subfield></datafield><datafield tag="INST" ind1=" " ind2=" "><subfield code="a">01UWI_NETWORK</subfield><subfield code="b">P</subfield><subfield code="c">71304778600002121</subfield></datafield><datafield tag="INST" ind1=" " ind2=" "><subfield code="a">01UWI_MAD</subfield><subfield code="b">P</subfield><subfield code="c">21598763620002122</subfield></datafield><datafield tag="INST" ind1=" " ind2=" "><subfield code="a">01UWI_WW</subfield><subfield code="b">P</subfield><subfield code="c">2174096970002133</subfield></datafield><datafield tag="AVA" ind1=" " ind2=" "><subfield code="0">9938426233602122</subfield><subfield code="8">22598763610002122</subfield><subfield code="a">01UWI_MAD</subfield><subfield code="b">WHSLIBRARY</subfield><subfield code="c">US Government Documents</subfield><subfield code="d">Y 3.P 38/2: 2 SE 2</subfield><subfield code="e">check_holdings</subfield><subfield code="j">govus</subfield><subfield code="k">3</subfield><subfield code="p">1</subfield><subfield code="q">Wisconsin Historical Society Library</subfield></datafield><datafield tag="AVA" ind1=" " ind2=" "><subfield code="0">994920243702133</subfield><subfield code="8">2274096960002133</subfield><subfield code="a">01UWI_WW</subfield><subfield code="b">WW</subfield><subfield code="c">Federal (US) Documents, 2nd Floor</subfield><subfield code="d">Y 3.P 38/2:2 SE 2</subfield><subfield code="e">available</subfield><subfield code="f">1</subfield><subfield code="g">0</subfield><subfield code="j">USDO</subfield><subfield code="k">3</subfield><subfield code="p">1</subfield><subfield code="q">UW-Whitewater</subfield></datafield><datafield tag="MMS" ind1=" " ind2=" "><subfield code="b">999808899002121</subfield><subfield code="a">01UWI_NETWORK</subfield></datafield><datafield tag="MMS" ind1=" " ind2=" "><subfield code="b">9938426233602122</subfield><subfield code="a">01UWI_MAD</subfield></datafield><datafield tag="MMS" ind1=" " ind2=" "><subfield code="b">994920243702133</subfield><subfield code="a">01UWI_WW</subfield></datafield><datafield tag="BBB" ind1="3" ind2="1"><subfield code="x">aShipping list no.: 97-0095-P.</subfield><subfield code="8">22598763610002122</subfield><subfield code="A">01UWI_MAD</subfield></datafield></record>
</metadata>
</record>
</ListRecords>
</OAI-PMH>